<?xml version="1.0" encoding="UTF-8"?>
<!-- 
This is a subset of the  Gemeinsame Normdatei (GND) a collection of authority records
provided by the German National Library. (http://www.dnb.de/EN/Home/home_node.html)
The GND is published with the CC0 license (https://creativecommons.org/publicdomain/zero/1.0/)
The data is part of an OAI update.
-->
<OAI-PMH xmlns="http://www.openarchives.org/OAI/2.0/" xmlns:xsi="http://www.w3.org/2001/XMLSchema-instance" xsi:schemaLocation="http://www.openarchives.org/OAI/2.0/ http://www.openarchives.org/OAI/2.0/OAI-PMH.xsd">
  <responseDate>2017-03-16T11:14:31Z</responseDate>
  <request from="2017-03-16T11:13:46Z" metadataPrefix="MARC21-xml" set="authorities" until="2017-03-16T23:13:47Z" verb="ListRecords">http://services.dnb.de/oai/repository</request>
  <ListRecords xsi:schemaLocation="http://www.loc.gov/MARC21/slim http://www.loc.gov/standards/marcxml/schema/MARC21slim.xsd">
    <record>
      <header>
        <identifier>oai:dnb.de/authorities/1127774069</identifier>
        <datestamp>2017-03-16T11:14:19Z</datestamp>
        <setSpec>authorities</setSpec>
      </header>
      <metadata>
        <record xmlns="http://www.loc.gov/MARC21/slim" type="Authority">
     
          <leader>00000nz  a2200000o  4500</leader>
     
          <controlfield tag="001">1127774069</controlfield>
     
          <controlfield tag="003">DE-101</controlfield>
     
          <controlfield tag="005">20170316121419.0</controlfield>
     
          <controlfield tag="008">170316n||aznnnaabn           | ana    |c</controlfield>
     
          <datafield ind1="7" ind2=" " tag="024">
       
            <subfield code="a">http://d-nb.info/gnd/1127774069</subfield>
       
            <subfield code="2">uri</subfield>
    
          </datafield>
     
          <datafield ind1=" " ind2=" " tag="035">
       
            <subfield code="a">(DE-101)1127774069</subfield>
    
          </datafield>
     
          <datafield ind1=" " ind2=" " tag="035">
       
            <subfield code="a">(DE-588)1127774069</subfield>
    
          </datafield>
     
          <datafield ind1=" " ind2=" " tag="040">
       
            <subfield code="a">DE-14</subfield>
       
            <subfield code="9">r:DE-576</subfield>
       
            <subfield code="b">ger</subfield>
       
            <subfield code="d">0014</subfield>
       
            <subfield code="e">rda</subfield>
    
          </datafield>
     
          <datafield ind1=" " ind2=" " tag="079">
       
            <subfield code="a">g</subfield>
       
            <subfield code="b">u</subfield>
       
            <subfield code="c">3</subfield>
       
            <subfield code="q">f</subfield>
       
            <subfield code="q">m</subfield>
       
            <subfield code="u">m</subfield>
       
            <subfield code="v">wim</subfield>
    
          </datafield>
     
          <datafield ind1="1" ind2=" " tag="100">
       
            <subfield code="a">Sluka, Luboš</subfield>
       
            <subfield code="d">1928-</subfield>
       
            <subfield code="t">Quartette</subfield>
       
            <subfield code="m">Violine (2)</subfield>
       
            <subfield code="m">Viola</subfield>
       
            <subfield code="m">Violoncello</subfield>
       
            <subfield code="n">Nr. 1</subfield>
    
          </datafield>
     
          <datafield ind1=" " ind2=" " tag="380">
       
            <subfield code="0">(DE-101)041766180</subfield>
       
            <subfield code="0">(DE-588)4176618-0</subfield>
       
            <subfield code="0">http://d-nb.info/gnd/4176618-0</subfield>
       
            <subfield code="a">Quartett</subfield>
       
            <subfield code="2">gnd</subfield>
    
          </datafield>
     
          <datafield ind1=" " ind2=" " tag="382">
       
            <subfield code="0">(DE-101)040197913</subfield>
       
            <subfield code="0">(DE-588)4019791-8</subfield>
       
            <subfield code="0">http://d-nb.info/gnd/4019791-8</subfield>
       
            <subfield code="a">Violine</subfield>
       
            <subfield code="n">2</subfield>
       
            <subfield code="2">gnd</subfield>
    
          </datafield>
     
          <datafield ind1=" " ind2=" " tag="382">
       
            <subfield code="0">(DE-101)041883640</subfield>
       
            <subfield code="0">(DE-588)4188364-0</subfield>
       
            <subfield code="0">http://d-nb.info/gnd/4188364-0</subfield>
       
            <subfield code="a">Viola</subfield>
       
            <subfield code="2">gnd</subfield>
    
          </datafield>
     
          <datafield ind1=" " ind2=" " tag="382">
       
            <subfield code="0">(DE-101)040635848</subfield>
       
            <subfield code="0">(DE-588)4063584-3</subfield>
       
            <subfield code="0">http://d-nb.info/gnd/4063584-3</subfield>
       
            <subfield code="a">Violoncello</subfield>
       
            <subfield code="2">gnd</subfield>
    
          </datafield>
     
          <datafield ind1=" " ind2=" " tag="382">
       
            <subfield code="s">4</subfield>
       
            <subfield code="2">gnd</subfield>
    
          </datafield>
     
          <datafield ind1=" " ind2=" " tag="383">
       
            <subfield code="a">Nr. 1</subfield>
    
          </datafield>
     
          <datafield ind1="1" ind2=" " tag="500">
       
            <subfield code="0">(DE-101)135282322</subfield>
       
            <subfield code="0">(DE-588)135282322</subfield>
       
            <subfield code="0">http://d-nb.info/gnd/135282322</subfield>
       
            <subfield code="a">Sluka, Luboš</subfield>
       
            <subfield code="d">1928-</subfield>
       
            <subfield code="9">4:kom1</subfield>
       
            <subfield code="w">r</subfield>
       
            <subfield code="i">Komponist1</subfield>
       
            <subfield code="e">Komponist1</subfield>
    
          </datafield>
     
          <datafield ind1=" " ind2=" " tag="548">
       
            <subfield code="a">1977</subfield>
       
            <subfield code="9">4:dats</subfield>
       
            <subfield code="w">r</subfield>
       
            <subfield code="i">Erstellungszeit</subfield>
    
          </datafield>
     
          <datafield ind1=" " ind2=" " tag="550">
       
            <subfield code="0">(DE-101)040580237</subfield>
       
            <subfield code="0">(DE-588)4058023-4</subfield>
       
            <subfield code="0">http://d-nb.info/gnd/4058023-4</subfield>
       
            <subfield code="a">Streichquartett</subfield>
       
            <subfield code="9">4:obin</subfield>
       
            <subfield code="w">r</subfield>
       
            <subfield code="i">Oberbegriff instantiell</subfield>
    
          </datafield>
     
          <datafield ind1=" " ind2=" " tag="670">
       
            <subfield code="a">Vorlage</subfield>
    
          </datafield>
  
        </record>
      </metadata>
    </record>