
    <record>
      <header>
        <identifier>oai:dnb.de/authorities/1126754951</identifier>
        <datestamp>2017-03-16T11:14:11Z</datestamp>
        <setSpec>authorities</setSpec>
      </header>
      <metadata>
        <record xmlns="http://www.loc.gov/MARC21/slim" type="Authority">
     
          <leader>00000nz  a2200000n  4500</leader>
     
          <controlfield tag="001">1126754951</controlfield>
     
          <controlfield tag="003">DE-101</controlfield>
     
          <controlfield tag="005">20170316121411.0</controlfield>
     
          <controlfield tag="008">170303n||azznnaabn           | aaa    |c</controlfield>
     
          <datafield ind1="7" ind2=" " tag="024">
       
            <subfield code="a">http://d-nb.info/gnd/1126754951</subfield>
       
            <subfield code="2">uri</subfield>
    
          </datafield>
     
          <datafield ind1=" " ind2=" " tag="035">
       
            <subfield code="a">(DE-101)1126754951</subfield>
    
          </datafield>
     
          <datafield ind1=" " ind2=" " tag="035">
       
            <subfield code="a">(DE-588)1126754951</subfield>
    
          </datafield>
     
          <datafield ind1=" " ind2=" " tag="040">
       
            <subfield code="a">DE-154</subfield>
       
            <subfield code="9">r:DE-384</subfield>
       
            <subfield code="b">ger</subfield>
       
            <subfield code="d">8999</subfield>
       
            <subfield code="e">rda</subfield>
    
          </datafield>
     
          <datafield ind1=" " ind2=" " tag="043">
       
            <subfield code="c">XA-DE</subfield>
    
          </datafield>
     
          <datafield ind1=" " ind2=" " tag="065">
       
            <subfield code="a">6.4p</subfield>
       
            <subfield code="2">sswd</subfield>
    
          </datafield>
     
          <datafield ind1=" " ind2=" " tag="065">
       
            <subfield code="a">13.2p</subfield>
       
            <subfield code="2">sswd</subfield>
    
          </datafield>
     
          <datafield ind1=" " ind2=" " tag="079">
       
            <subfield code="a">g</subfield>
       
            <subfield code="b">p</subfield>
       
            <subfield code="c">1</subfield>
       
            <subfield code="q">s</subfield>
       
            <subfield code="v">piz</subfield>
    
          </datafield>
     
          <datafield ind1="1" ind2=" " tag="100">
       
            <subfield code="a">Blitz, Lothar</subfield>
       
            <subfield code="d">1956-</subfield>
    
          </datafield>
     
          <datafield ind1=" " ind2=" " tag="375">
       
            <subfield code="a">1</subfield>
       
            <subfield code="2">iso5218</subfield>
    
          </datafield>
     
          <datafield ind1=" " ind2=" " tag="548">
       
            <subfield code="a">1956-</subfield>
       
            <subfield code="9">4:datl</subfield>
       
            <subfield code="w">r</subfield>
       
            <subfield code="i">Lebensdaten</subfield>
    
          </datafield>
     
          <datafield ind1=" " ind2=" " tag="550">
       
            <subfield code="0">(DE-101)043021824</subfield>
       
            <subfield code="0">(DE-588)4302182-7</subfield>
       
            <subfield code="0">http://d-nb.info/gnd/4302182-7</subfield>
       
            <subfield code="a">Kunsterzieher</subfield>
       
            <subfield code="9">4:berc</subfield>
       
            <subfield code="w">r</subfield>
       
            <subfield code="i">Charakteristischer Beruf</subfield>
    
          </datafield>
     
          <datafield ind1=" " ind2=" " tag="550">
       
            <subfield code="0">(DE-101)041395506</subfield>
       
            <subfield code="0">(DE-588)4139550-5</subfield>
       
            <subfield code="0">http://d-nb.info/gnd/4139550-5</subfield>
       
            <subfield code="a">Bildhauer</subfield>
       
            <subfield code="9">4:beru</subfield>
       
            <subfield code="w">r</subfield>
       
            <subfield code="i">Beruf</subfield>
    
          </datafield>
     
          <datafield ind1=" " ind2=" " tag="551">
       
            <subfield code="0">(DE-101)040036146</subfield>
       
            <subfield code="0">(DE-588)4003614-5</subfield>
       
            <subfield code="0">http://d-nb.info/gnd/4003614-5</subfield>
       
            <subfield code="a">Augsburg</subfield>
       
            <subfield code="9">4:ortg</subfield>
       
            <subfield code="w">r</subfield>
       
            <subfield code="i">Geburtsort</subfield>
    
          </datafield>
     
          <datafield ind1=" " ind2=" " tag="551">
       
            <subfield code="0">(DE-101)954424794</subfield>
       
            <subfield code="0">(DE-588)4513083-8</subfield>
       
            <subfield code="0">http://d-nb.info/gnd/4513083-8</subfield>
       
            <subfield code="a">Thurmansbang</subfield>
       
            <subfield code="9">4:ortw</subfield>
       
            <subfield code="w">r</subfield>
       
            <subfield code="i">Wirkungsort</subfield>
    
          </datafield>
     
          <datafield ind1=" " ind2=" " tag="670">
       
            <subfield code="a">Internet</subfield>
       
            <subfield code="b">Stand: 16.03.2017</subfield>
       
            <subfield code="u">http://www.lothar-blitz.de/</subfield>
    
          </datafield>
  
        </record>
      </metadata>
    </record>