
    <record>
      <header>
        <identifier>oai:dnb.de/authorities/1085323498</identifier>
        <datestamp>2017-03-16T11:14:12Z</datestamp>
        <setSpec>authorities</setSpec>
      </header>
      <metadata>
        <record xmlns="http://www.loc.gov/MARC21/slim" type="Authority">
     
          <leader>00000cz  a2200000o  4500</leader>
     
          <controlfield tag="001">1085323498</controlfield>
     
          <controlfield tag="003">DE-101</controlfield>
     
          <controlfield tag="005">20170316121412.0</controlfield>
     
          <controlfield tag="008">160303n||aznnnaabn           | ana    |c</controlfield>
     
          <datafield ind1="7" ind2=" " tag="024">
       
            <subfield code="a">http://d-nb.info/gnd/1085323498</subfield>
       
            <subfield code="2">uri</subfield>
    
          </datafield>
     
          <datafield ind1=" " ind2=" " tag="035">
       
            <subfield code="a">(DE-101)1085323498</subfield>
    
          </datafield>
     
          <datafield ind1=" " ind2=" " tag="035">
       
            <subfield code="a">(DE-588)1085323498</subfield>
    
          </datafield>
     
          <datafield ind1=" " ind2=" " tag="040">
       
            <subfield code="a">CH-BaUGNV</subfield>
       
            <subfield code="9">r:CH-BaUGNV</subfield>
       
            <subfield code="b">ger</subfield>
       
            <subfield code="d">1600</subfield>
       
            <subfield code="e">kids</subfield>
    
          </datafield>
     
          <datafield ind1=" " ind2=" " tag="043">
       
            <subfield code="c">ZZ</subfield>
    
          </datafield>
     
          <datafield ind1=" " ind2=" " tag="079">
       
            <subfield code="a">g</subfield>
       
            <subfield code="b">b</subfield>
       
            <subfield code="c">6</subfield>
       
            <subfield code="q">f</subfield>
       
            <subfield code="v">kiz</subfield>
    
          </datafield>
     
          <datafield ind1="2" ind2=" " tag="110">
       
            <subfield code="a">Clear Channel Schweiz AG</subfield>
    
          </datafield>
     
          <datafield ind1=" " ind2=" " tag="670">
       
            <subfield code="a">Handelsregister</subfield>
    
          </datafield>
     
          <datafield ind1=" " ind2=" " tag="682">
       
            <subfield code="i">Umlenkung</subfield>
       
            <subfield code="0">(DE-101)1064124100</subfield>
       
            <subfield code="0">(DE-588)1064124100</subfield>
       
            <subfield code="0">http://d-nb.info/gnd/1064124100</subfield>
       
            <subfield code="a">Clear Channel Schweiz AG</subfield>
    
          </datafield>
  
        </record>
      </metadata>
    </record>