
    <record>
      <header>
        <identifier>oai:dnb.de/authorities/001190504</identifier>
        <datestamp>2017-03-16T11:13:49Z</datestamp>
        <setSpec>authorities</setSpec>
      </header>
      <metadata>
        <record xmlns="http://www.loc.gov/MARC21/slim" type="Authority">
     
          <leader>00000nz  a2200000n  4500</leader>
     
          <controlfield tag="001">001190504</controlfield>
     
          <controlfield tag="003">DE-101</controlfield>
     
          <controlfield tag="005">20170316121349.0</controlfield>
     
          <controlfield tag="008">890418n||aznnnaabn           | ana    |c</controlfield>
     
          <datafield ind1="7" ind2=" " tag="024">
       
            <subfield code="a">http://d-nb.info/gnd/119050-7</subfield>
       
            <subfield code="2">uri</subfield>
    
          </datafield>
     
          <datafield ind1=" " ind2=" " tag="035">
       
            <subfield code="a">(DE-101)001190504</subfield>
    
          </datafield>
     
          <datafield ind1=" " ind2=" " tag="035">
       
            <subfield code="a">(DE-588)119050-7</subfield>
    
          </datafield>
     
          <datafield ind1=" " ind2=" " tag="035">
       
            <subfield code="z">(DE-588b)119050-7</subfield>
       
            <subfield code="9">v:zg</subfield>
    
          </datafield>
     
          <datafield ind1=" " ind2=" " tag="040">
       
            <subfield code="a">DE-1</subfield>
       
            <subfield code="9">r:DE-1</subfield>
       
            <subfield code="b">ger</subfield>
       
            <subfield code="d">1140</subfield>
    
          </datafield>
     
          <datafield ind1=" " ind2=" " tag="043">
       
            <subfield code="c">XA-DXDE</subfield>
    
          </datafield>
     
          <datafield ind1=" " ind2=" " tag="079">
       
            <subfield code="a">g</subfield>
       
            <subfield code="b">g</subfield>
       
            <subfield code="c">1</subfield>
       
            <subfield code="q">f</subfield>
       
            <subfield code="u">z</subfield>
       
            <subfield code="u">v</subfield>
       
            <subfield code="u">w</subfield>
       
            <subfield code="v">gik</subfield>
    
          </datafield>
     
          <datafield ind1=" " ind2=" " tag="151">
       
            <subfield code="a">Gladbach</subfield>
    
          </datafield>
     
          <datafield ind1=" " ind2=" " tag="451">
       
            <subfield code="a">M.-Gladbach</subfield>
       
            <subfield code="g">Gladbach</subfield>
    
          </datafield>
     
          <datafield ind1=" " ind2=" " tag="451">
       
            <subfield code="a">M.Gladbach</subfield>
       
            <subfield code="g">Gladbach</subfield>
    
          </datafield>
     
          <datafield ind1=" " ind2=" " tag="451">
       
            <subfield code="a">M. Gladbach</subfield>
       
            <subfield code="g">Gladbach</subfield>
    
          </datafield>
     
          <datafield ind1=" " ind2=" " tag="548">
       
            <subfield code="a">-31.12.1887</subfield>
       
            <subfield code="9">4:datb</subfield>
       
            <subfield code="w">r</subfield>
       
            <subfield code="i">Zeitraum</subfield>
    
          </datafield>
     
          <datafield ind1=" " ind2=" " tag="551">
       
            <subfield code="0">(DE-101)00700060X</subfield>
       
            <subfield code="0">(DE-588)2046074-0</subfield>
       
            <subfield code="0">http://d-nb.info/gnd/2046074-0</subfield>
       
            <subfield code="a">München-Gladbach</subfield>
       
            <subfield code="9">4:nach</subfield>
       
            <subfield code="w">r</subfield>
       
            <subfield code="i">Nachfolger</subfield>
    
          </datafield>
     
          <datafield ind1=" " ind2=" " tag="913">
       
            <subfield code="S">gkd</subfield>
       
            <subfield code="i">a</subfield>
       
            <subfield code="a">Gladbach</subfield>
       
            <subfield code="0">(DE-588b)119050-7</subfield>
    
          </datafield>
  
        </record>
      </metadata>
    </record>
  </ListRecords>
</OAI-PMH>
